@inproceedings{Johnson1986ACO,
  title={A Colpitts Oscillator Design Technique Using S-Parameters},
  author={Timothy K. Johnson},
  year={1986},
  url={https://api.semanticscholar.org/CorpusID:117645213}
}
@article{article,
author = {Li, Xiaoyong and Shekhar, Sudip and Allstot, David},
year = {2006},
month = {01},
pages = {2609 - 2619},
title = {G/sub m/-boosted common-gate LNA and differential colpitts VCO/QVCO in 0.18-/spl mu/m CMOS},
volume = {40},
journal = {Solid-State Circuits, IEEE Journal of},
doi = {10.1109/JSSC.2005.857426}
}

@book{Pozar:882338,
      author        = "Pozar, David M",
      title         = "{Microwave engineering; 3rd ed.}",
      publisher     = "Wiley",
      address       = "Hoboken, NJ",
      year          = "2005",
      url           = "https://cds.cern.ch/record/882338",
}

@book{Razavi2001,
title = {Design of Analog CMOS Integrated Circuits},
author = {Behzad Razavi},
year = {2001},
edition={first},
publisher = {McGraw-Hill}
}

@article{article1,
author = {Ullah, Farman and Liu, Yu and Li, Zhiqiang and Wang, Xiaosong and Sarfraz, Muhammad and Zhang, Haiying},
year = {2018},
month = {07},
pages = {127},
title = {A Bandwidth-Enhanced Differential LC-Voltage Controlled Oscillator (LC-VCO) and Superharmonic Coupled Quadrature VCO for K-Band Applications},
volume = {7},
journal = {Electronics},
doi = {10.3390/electronics7080127}
}

@phdthesis{phdthesis,
author = {Giuseppe, Macera},
year = {2016},
month = {12},
pages = {},
title = {Comparison of Voltage-Controlled-Oscillator Architectures for Implementation in 180 nm SiGe Technology},
doi = {10.13140/RG.2.2.27724.21128}
}