@inproceedings{Johnson1986ACO,
  title={A Colpitts Oscillator Design Technique Using S-Parameters},
  author={Timothy K. Johnson},
  year={1986},
  url={https://api.semanticscholar.org/CorpusID:117645213}
}

@ARTICLE{7592896,
  author={Zhang, Jin-Dong and Zhu, Lei and Wu, Qiong-Sen and Liu, Neng-Wu and Wu, Wen},
  journal={IEEE Transactions on Antennas and Propagation}, 
  title={A Compact Microstrip-Fed Patch Antenna With Enhanced Bandwidth and Harmonic Suppression}, 
  year={2016},
  volume={64},
  number={12},
  pages={5030-5037},
  keywords={Patch antennas;Microstrip antennas;Substrates;Microstrip;Wideband;Bandwidth enhancement;coupled feed;harmonic suppression;patch antenna;quarter-wave resonator},
  doi={10.1109/TAP.2016.2618539}}

@book{Pozar:882338,
      author        = "Pozar, David M",
      title         = "{Microwave engineering; 3rd ed.}",
      publisher     = "Wiley",
      address       = "Hoboken, NJ",
      year          = "2005",
      url           = "https://cds.cern.ch/record/882338",
}

@book{Razavi2001,
title = {Design of Analog CMOS Integrated Circuits},
author = {Behzad Razavi},
year = {2001},
edition={first},
publisher = {McGraw-Hill}
}